<?xml version="1.0" encoding="UTF-8"?><collection xmlns="http://www.loc.gov/MARC21/slim"><record><leader>00429nam--2200133-i-4500</leader><controlfield tag="001">000044281</controlfield><controlfield tag="002">20161230</controlfield><controlfield tag="005">20161230201044</controlfield><controlfield tag="008">060222s1000------------r-----000-0-eng-d</controlfield><datafield ind1=" " ind2=" " tag="080"><subfield code="a">061.62(420):001.891:530.145.6(047.1)</subfield></datafield><datafield ind1=" " ind2=" " tag="245"><subfield code="a">Theory and computational sciences appebdix to the daresbury annual report 1988/89</subfield></datafield><datafield ind1=" " ind2=" " tag="260"><subfield code="a">Warington, Serc Daresbury Laboratory, 1989, 80p</subfield></datafield><datafield ind1=" " ind2=" " tag="700"><subfield code="a">Blake,R.J.Andtemmerman,W.M</subfield></datafield><datafield ind1=" " ind2=" " tag="852"><subfield code="a">72807</subfield></datafield></record></collection>